@article{teloes,
	title = {Telões para streaming das redes sociais formadas pela atividade no Twitter.},
  note = {http://ocupagov.meteor.com}
}
@article{oscs,
	title = {Telão para exibir estrutura formada por uma amostragem de 500 OSCs (Organizações da Sociedade Civil) quando relacionadas por órgão concedente e por área de habilitação.},
  note = {http://oscs.meteor.com}
}
@article{bd,
	title = {Decupagem do BD do Noosfero/Participa.br},
  note = {http://sourceforge.net/p/labmacambira/fimDoMundo/ci/master/tree/textos/SparQL/scripts/BD.txt}
}
@article{mm,
	title = {Aplicativos dummy para tocar redes sociais.},
  note = {http://mm.meteor.com http://mynsa.meteor.com}
}
@article{mynsa,
	title = {Outro aplicativo dummy que integra recursos de diferentes redes sociais.},
  note = {http://mynsa.meteor.com}
}
@article{mmissa,
	title = {Aplicativo dummy que integra recursos de diferentes redes sociais.},
  note = {http://mmisssa.meteor.com}
}
@article{fabbri1,
	title = {Stability in human interaction networks: primitive typology of vertex, prominance of measures and activity statistics},
  note = {http://tinyurl.com/o25dcb7}
}
@article{fabbri2,
	title = {Elementary observations of textual production ininteraction networks},
  note = {http://tinyurl.com/owsmzfv}
}
@article{wikipediaSingleSignOn,
	title = {Single Sign-on - Wikipedia},
  note = {http://en.wikipedia.org/wiki/Single\_sign-on - Acessado em 22 de Maio de 2014}
}
@book{easley,
  title={Networks, crowds, and markets: Reasoning about a highly connected world},
  author={Easley, David and Kleinberg, Jon},
  year={2010},
  publisher={Cambridge University Press}
}
@article{OPS,
	title = {Ontologia de Participação Social},
  note = {http://tinyurl.com/p2doueu}
}
@article{OPA,
	title = {Ontologia do Participa},
  note= {http://tinyurl.com/lcccwop}
}
@article{triplifica,
	title = {Especificação da triplificação dos dados do Participa.br},
      note= {http://tinyurl.com/k74z3yl}
}
@article{smDITEC,
	title = {Especificação dos requisitos em hardware e software para o Sistema de Monitoramento do Participa.br},
      note= {http://tinyurl.com/m27wtfv}
}
@manual{padVoc,
	title = {Pad do vocabulário de participação social apontado pelo IPEA, Participa.br, OPA/OPS e Decreto PNPS},
	note = {https://etherpad.mozilla.org/08092014}
}
@manual{padProd4,
	title = {Pad de proposta do produto 4: documento e scripts},
	note = {https://etherpad.mozilla.org/pnud4}
}
@manual{repoProd4,
	title = {Repositório Git do produto 4: documento e scripts},
	note = {https://github.com/ttm/pnud4}
}
@manual{repoProd3,
	title = {Repositório Git do produto 3: documento e scripts},
	note = {https://github.com/ttm/pnud3}
}
@manual{prodExtra,
	title = {Repositório Git da leitura dos produtos dos outros consultores},
	note = {https://github.com/ttm/pnudExtra}
}
@manual{termoReferencia,
	title = {Termo de Referência da consultoria a que se refere o presente produto},
	url= "https://dl.dropboxusercontent.com/u/22209842/presidencia/consultoria/Edital 13\_perfil 1.pdf"
}
@manual{endpoint,
	title = {Endpoint SparQL com dados do Participa.br},
	note = {http://200.144.255.210:8082/}
}
@manual{actionItem,
	title = {ActionItem do plugin de recomendação de perfis do participa.br},
	note = {http://noosfero.org/Development/ActionItem3234}
}
@manual{iNotebook,
	title = {IPython Notebook com códigos dos produtos PNUD 3 e 4},
	note = {http://200.144.255.210:8080/}
}
@manual{wikipediaSameOriginPolicy,
	title = {Same origin policy - Wikipedia},
	note = {https://en.wikipedia.org/wiki/Same-origin\_policy - Acessado em 05 de Junho de 2014}
}

@manual{stackoverflowAjax,
	title = {Single Sign On with Ajax in same origin policy world - effective solutions - Stackoverflow},
	note = {http://stackoverflow.com/questions/7094967/single-sign-on-with-ajax-in-same-origin-policy-world-effective-solutions - Acessado em 05 de Junho de 2014}
}

@manual{w3cWebmessaging,
	title = {Web Messaging - W3C},
	note = {http://www.w3.org/TR/webmessaging/ - Acessado em 05 de Junho de 2014}
}

@manual{wikipediaWebmessaging,
	title = {Web Messaging - Wikipedia},
	note = {http://en.wikipedia.org/wiki/Web\_Messaging - Acessado em 05 de Junho de 2014}
}

@manual{opengroupSSO,
	title = {Introduction to Single Sign-On - The Open Group},
	note = {http://www.opengroup.org/security/sso/sso\_intro.htm - Acessado em 05 de Junho de 2014}
}

@manual{siteminderCA,
	title = {SiteMinder - CA Technologies},
	note = {http://www.ca.com/br/products/detail/ca-siteminder.aspx - Acessado em 22 de Maio de 2014}
}

@manual{siteminderDOCS,
	title = {SSO SiteMinder DOCS - CA Technologies},
	note = {http://support.ca.com/cadocs/0/CA\%20SiteMinder\%20r12\%205-ENU/Bookshelf\_Files/HTML/idocs/256655.html - Acessado em 22 de Maio de 2014}
}

@manual{jasigSite,
	title = {Jasig Group},
	note = {http://www.jasig.org - Acessado em 06 de Junho de 2014}
}

@manual{oauthJasig,
	title = {OAuth - CAS User Manual - Jasig Wiki},
	note = {https://wiki.jasig.org/display/CASUM/OAuth - Acessado em 06 de Junho de 2014}
}

@article{approachesAndChallengesSSO,
	author = {Florian Holzschuher, René Peinl},
	title = {Approaches and challenges for a single sign-on enabled extranet using Jasig CAS},
	year = {2013},
  url = {http://openidentity.eu/2013/media/09\_Holzschuher\_Peinl\_2013\_SSO\_extranet\_CAS\_LNI.pdf}
}

@manual{wikipediaXACML,
	title = {XACML - Wikipedia},
	note = {http://en.wikipedia.org/wiki/XACML - Acessado em 10 de Junho de 2014}
}

@manual{cirandasNET,
	title = {Cirandas - Rede social e econômica de empreendimentos solidários},
	note = {http://cirandas.net - Acessado em 10 de Junho de 2014}
}

@manual{introBrowserID,
	title = {Introducing BrowserID: A better way to sign in},
	note = {http://identity.mozilla.com/post/7616727542/introducing-browserid-a-better-way-to-sign-in - Acessado em 10 de Junho de 2014}
}

@manual{oauthRoadHell,
	title = {OAuth 2.0 and the Road to Hell},
	note = {http://hueniverse.com/2012/07/26/oauth-2-0-and-the-road-to-hell - Acessado em 10 de Junho de 2014}
}

@manual{ozProtocol,
	title = {OZ - Web Authorization Protocol},
	note = {https://github.com/hueniverse/oz - Acessado em 12 de Junho de 2014}
}

@manual{hawkProtocol,
	title = {Hawk - HTTP Holk Authentication Scheme},
	note = {https://github.com/hueniverse/hawk - Acessado em 12 de Junho de 2014}
}

@manual{wikipediaLID,
	title = {Light-Weight Identity - Wikipedia},
	note = {http://en.wikipedia.org/wiki/Light-Weight\_Identity - Acessado em 12 de Junho de 2014}
}

@manual{stackexchangeJSONP,
	title = {Designing single-sign-on with JSONP/CORS? - Stackexchange},
	note = {http://security.stackexchange.com/questions/36753/designing-single-sign-on-with-jsonp-cors - Acessado em 14 de Junho de 2014}
}

@manual{webMessagingOpenBlog,
	title = {Web Messaging API - .openBlog()},
	note = {http://openblog.github.io/2013/02/25/html5-web-messaging-api/ - Acessado em 14 de Junho de 2014}
}

@article{webServicesRoleBased,
	author = {Yevgeniy Gershteyn},
	title = {Web Services: Role Based Access Control with Single Sign-on Architecture},
	year = {2008},
}
